@inproceedings{montesdeoca2016art,
  title={Art-directed watercolor rendered animation},
  author={Montesdeoca, Santiago E and Seah, Hock Soon and Rall, H-M},
  booktitle={Proceedings of the Joint Symposium on Computational Aesthetics and Sketch Based Interfaces and Modeling and Non-Photorealistic Animation and Rendering},
  pages={51--58},
  year={2016},
  organization={Eurographics Association}
}

@inproceedings{lee2006real,
  title={Real-time pencil rendering},
  author={Lee, Hyunjun and Kwon, Sungtae and Lee, Seungyong},
  booktitle={Proceedings of the 4th international symposium on Non-photorealistic animation and rendering},
  pages={37--45},
  year={2006},
  organization={ACM}
}

@inproceedings{praun2001real,
  title={Real-time hatching},
  author={Praun, Emil and Hoppe, Hugues and Webb, Matthew and Finkelstein, Adam},
  booktitle={Proceedings of the 28th annual conference on Computer graphics and interactive techniques},
  pages={581},
  year={2001},
  organization={ACM}
}

@MISC{Okami,
   author = "Capcom",
   title = "Okami",
   year = 2006,
}

@proceedings{cole2008people,
  title={Where do people draw lines?},
  author={Cole, Forrester and Golovinskiy, Aleksey and Limpaecher, Alex and Barros, Heather Stoddart and Finkelstein, Adam and Funkhouser, Thomas and Rusinkiewicz, Szymon},
  booktitle={ACM Transactions on Graphics (TOG)},
  volume={27},
  number={3},
  pages={88},
  year={2008},
  organization={ACM}
}
